<?xml version="1.0" encoding="UTF-8"?><record xmlns="http://www.loc.gov/MARC21/slim" xmlns:cinclude="http://apache.org/cocoon/include/1.0" xmlns:zs="http://www.loc.gov/zing/srw/">
  <leader>00471nz  a2200133n  4500</leader>
  <controlfield tag="001">no2012060373</controlfield>
  <controlfield tag="003">DLC</controlfield>
  <controlfield tag="005">20120502075222.0</controlfield>
  <controlfield tag="008">120430n| acannaabn          |n aaa     c</controlfield>
  <datafield tag="010" ind1=" " ind2=" ">
    <subfield code="a">no2012060373</subfield>
  </datafield>
  <datafield tag="035" ind1=" " ind2=" ">
    <subfield code="a">(OCoLC)oca09185601</subfield>
  </datafield>
  <datafield tag="040" ind1=" " ind2=" ">
    <subfield code="a">PPi-MA</subfield>
    <subfield code="b">eng</subfield>
    <subfield code="c">PPi-MA</subfield>
  </datafield>
  <datafield tag="100" ind1="1" ind2=" ">
    <subfield code="a">Liebermann, Lowell.</subfield>
    <subfield code="t">Variations on a theme of Schubert</subfield>
  </datafield>
  <datafield tag="670" ind1=" " ind2=" ">
    <subfield code="a">Liebermann, L. Variations on a theme of Schubert, c2011:</subfield>
    <subfield code="b">t.p. (Variations on a theme of Schubert : op. 100, for piano) caption (2007)</subfield>
  </datafield>
</record>